@inproceedings{agrawal2011stroke,
  title={Stroke-like pattern noise removal in binary document images},
  author={Agrawal, Mudit and Doermann, David},
  booktitle={2011 International Conference on Document Analysis and Recognition (ICDAR)},
  pages={17--21},
  year={2011},
  organization={IEEE}
}

  %booktitle={Document Analysis and Recognition (ICDAR), 2011 International Conference on},


@inproceedings{dodig2002scientific,
  title={Scientific methods in computer science},
  author={Dodig-Crnkovic, Gordana},
  booktitle={Proceedings of the Conference for the Promotion of Research in IT at New Universities and at University Colleges in Sweden, Sk{\"o}vde, Suecia},
  pages={126--130},
  year={2002}
}

@article{gatos2006adaptive,
  title={Adaptive degraded document image binarization},
  author={Gatos, Basilios and Pratikakis, Ioannis and Perantonis, Stavros J},
  journal={Pattern recognition},
  volume={39},
  number={3},
  pages={317--327},
  year={2006},
  publisher={Elsevier}
}

@inproceedings{gatos2008efficient,
  title={Efficient binarization of historical and degraded document images},
  author={Gatos, Basilios and Pratikakis, Ioannis and Perantonis, Stavros J},
  booktitle={Document Analysis Systems, 2008. DAS'08. The Eighth IAPR International Workshop on},
  pages={447--454},
  year={2008},
  organization={IEEE}
}

@inproceedings{howe2011laplacian,
  title={A {L}aplacian energy for document binarization},
  author={Howe, Nicholas R},
  booktitle={2011 International Conference on Document Analysis and Recognition (ICDAR)},
  pages={6--10},
  year={2011},
  organization={IEEE}
}

@article{chen2017broken,
  title={Broken and Degraded Document Images Binarization},
  author={Chen, Yiping and Wang, Liansheng},
  journal={Neurocomputing},
  year={2017},
  publisher={Elsevier}
}
@inproceedings{buades2005non,
  title={A non-local algorithm for image denoising},
  author={Buades, Antoni and Coll, Bartomeu and Morel, J-M},
  booktitle={Computer Vision and Pattern Recognition, 2005. CVPR 2005. IEEE Computer Society Conference on},
  volume={2},
  pages={60--65},
  year={2005},
  organization={IEEE}
}
@article{ntirogiannis2013performance,
  title={Performance evaluation methodology for historical document image binarization},
  author={Ntirogiannis, Konstantinos and Gatos, Basilios and Pratikakis, Ioannis},
  journal={IEEE Transactions on Image Processing},
  volume={22},
  number={2},
  pages={595--609},
  year={2013},
  publisher={IEEE}
}
@article{pai2010adaptive,
  title={Adaptive thresholding algorithm: Efficient computation technique based on intelligent block detection for degraded document images},
  author={Pai, Yu-Ting and Chang, Yi-Fan and Ruan, Shanq-Jang},
  journal={Pattern Recognition},
  volume={43},
  number={9},
  pages={3177--3187},
  year={2010},
  publisher={Elsevier}
}
@inproceedings{soua2015improved,
  title={Improved Hybrid Binarization based on {K}means for Heterogeneous document processing},
  author={Soua, Mahmoud and Kachouri, Rostom and Akil, Mohamed},
  booktitle={Image and Signal Processing and Analysis (ISPA), 2015 9th International Symposium on},
  pages={210--215},
  year={2015},
  organization={IEEE}
}
@inproceedings{arnia2014improvement,
  title={Improvement of binarization performance by applying {D}{C}{T} as pre-processing procedure},
  author={Arnia, Fitri and Munadi, Khairul and Muchallil, Sayed and others},
  booktitle={Communications, Control and Signal Processing (ISCCSP), 2014 6th International Symposium on},
  pages={128--132},
  year={2014},
  organization={IEEE}
}
@article{fawcett2006introduction,
  title={An introduction to {R}{O}{C} analysis},
  author={Fawcett, Tom},
  journal={Pattern recognition letters},
  volume={27},
  number={8},
  pages={861--874},
  year={2006},
  publisher={Elsevier}
}
@inproceedings{ntirogiannis2008objective,
  title={An objective evaluation methodology for document image binarization techniques},
  author={Ntirogiannis, Konstantinos and Gatos, Basilios and Pratikakis, Ioannis},
  booktitle={Document Analysis Systems, 2008. DAS'08. The Eighth IAPR International Workshop on},
  pages={217--224},
  year={2008},
  organization={IEEE}
}
@article{liu2017free,
  title={Free Energy Adjusted Peak Signal to Noise Ratio ({F}{E}{A}-{P}{S}{N}{R}) for Image Quality Assessment},
  author={Liu, Ning and Zhai, Guangtao},
  journal={Sensing and Imaging},
  volume={18},
  number={1},
  pages={11},
  year={2017},
  publisher={Springer}
}
@inproceedings{sauvola1997adaptive,
  title={Adaptive document binarization},
  author={Sauvola, Jaakko and Seppanen, Tapio and Haapakoski, Sami and Pietikainen, Matti},
  booktitle={Document Analysis and Recognition, 1997., Proceedings of the Fourth International Conference on},
  volume={1},
  pages={147--152},
  year={1997},
  organization={IEEE}
}
@article{wolf2004extraction,
  title={Extraction and recognition of artificial text in multimedia documents},
  author={Wolf, Christian and Jolion, J-M},
  journal={Pattern Analysis \& Applications},
  volume={6},
  number={4},
  pages={309--326},
  year={2004},
  publisher={Springer}
}
@article{feng2004contrast,
  title={Contrast adaptive binarization of low quality document images},
  author={Feng, Meng-Ling and Tan, Yap-Peng},
  journal={IEICE Electronics Express},
  volume={1},
  number={16},
  pages={501--506},
  year={2004},
  publisher={The Institute of Electronics, Information and Communication Engineers}
}
@book{niblack1985introduction,
  title={An introduction to digital image processing},
  author={Niblack, Wayne},
  year={1985},
  publisher={Strandberg Publishing Company}
}




%  booktitle={Document Analysis and Recognition (ICDAR), 2011 International Conference on},


@article{jacob2014survey,
  title={A Survey On Binarization Of Historical Degraded Documents},
  author={Jacob, Bency and Waykar, SB},
  year={2014}
}

@article{lawson2000generality,
  title={The generality of hypothetico-deductive reasoning: Making scientific thinking explicit},
  author={Lawson, Anton E},
  journal={The American Biology Teacher},
  volume={62},
  number={7},
  pages={482--495},
  year={2000},
  publisher={BioOne}
}

@inproceedings{lins2015binarizing,
  title={Binarizing complex scanned documents},
  author={Lins, Rafael Dueire and Gabriel de Fran{\c{c}}a, P and de Almeida, Marcos Martins},
  booktitle={2015 13th International Conference on Document Analysis and Recognition (ICDAR)},
  pages={56--60},
  year={2015},
  organization={IEEE}
}

%booktitle={Document Analysis and Recognition (ICDAR), 2015 13th International Conference on},

@inproceedings{lund2013multiple,
  title={Why multiple document image binarizations improve OCR},
  author={Lund, William B and Kennard, Douglas J and Ringger, Eric K},
  booktitle={Proceedings of the 2nd International Workshop on Historical Document Imaging and Processing (HIP)},
  pages={86--93},
  year={2013},
  organization={ACM}
}

@book{mayo1996error,
  title={Error and the growth of experimental knowledge},
  author={Mayo, Deborah G},
  year={1996},
  publisher={University of Chicago Press}
}

@inproceedings{ntogas2008binarization,
  title={A binarization algorithm for historical manuscripts},
  author={Ntogas, Nikolaos and Veintzas, Dimitrios},
  booktitle={WSEAS International Conference. Proceedings. Mathematics and Computers in Science and Engineering},
  number={12},
  year={2008},
  organization={World Scientific and Engineering Academy and Society}
}

@book{o1995document,
  title={Document image analysis},
  author={O'Gorman, Lawrence and Kasturi, Rangachar},
  volume={39},
  year={1995},
  publisher={IEEE Computer Society Press Los Alamitos}
}

@book{oates2005researching,
  title={Researching information systems and computing},
  author={Oates, Briony J},
  year={2005},
  publisher={Sage}
}

@book{ogier2006madonne,
  title={Madonne: document image analysis techniques for cultural heritage documents},
  author={Ogier, Jean-Marc and Tombre, Karl},
  year={2006},
  publisher={na}
}

@article{sprenger2011hypothetico,
  title={Hypothetico-Deductive Confirmation},
  author={Sprenger, Jan},
  journal={Philosophy Compass},
  volume={6},
  number={7},
  pages={497--508},
  year={2011},
  publisher={Wiley Online Library}
}

@inproceedings{su2010binarization,
  title={Binarization of historical document images using the local maximum and minimum},
  author={Su, Bolan and Lu, Shijian and Tan, Chew Lim},
  booktitle={Proceedings of the 9th IAPR International Workshop on Document Analysis Systems},
  pages={159--166},
  year={2010},
  organization={ACM}
}

@inproceedings{su2011combination,
  title={Combination of document image binarization techniques},
  author={Su, Bolan and Lu, Shijian and Tan, Chew Lim},
  booktitle={2011 International Conference on Document Analysis and Recognition (ICDAR)},
  pages={22--26},
  year={2011},
  organization={IEEE}
}
%  booktitle={Document Analysis and Recognition (ICDAR), 2011 International Conference on},

@book{tucker2004computer,
  title={Computer science handbook},
  author={Tucker, Allen B},
  year={2004},
  publisher={CRC press}
}

@inproceedings{wang2015mrf,
  title={MRF based text binarization in complex images using stroke feature},
  author={Wang, Yanna and Shi, Cunzhao and Xiao, Baihua and Wang, Chunheng},
  booktitle={2015 13th International Conference on Document Analysis and Recognition (ICDAR)},
  pages={821--825},
  year={2015},
  organization={IEEE}
}

@inproceedings{khurshid2009comparison,
  title={Comparison of {N}iblack inspired Binarization methods for ancient documents},
  author={Khurshid, Khurram and Siddiqi, Imran and Faure, Claudie and Vincent, Nicole},
  booktitle={IS\&T/SPIE Electronic Imaging},
  pages={72470U--72470U},
  year={2009},
  organization={International Society for Optics and Photonics}
}


 % booktitle={Document Analysis and Recognition (ICDAR), 2015 13th International Conference on},
